@ARTICLE{lorenz,
   author = {{Lorenz}, E.~N.},
    title = "{Deterministic Nonperiodic Flow.}",
  journal = {Journal of Atmospheric Sciences},
     year = 1963,
    month = mar,
   volume = 20,
    pages = {130-148},
      doi = {10.1175/1520-0469(1963)020<0130:DNF>2.0.CO;2},
   adsurl = {http://adsabs.harvard.edu/abs/1963JAtS...20..130L},
  adsnote = {Provided by the SAO/NASA Astrophysics Data System}
}
