@ARTICLE{lorenz,
   author = {{Lorenz}, E.~N.},
    title = "{Deterministic Nonperiodic Flow.}",
  journal = {Journal of Atmospheric Sciences},
     year = 1963,
    month = mar,
   volume = 20,
    pages = {130-148},
      doi = {10.1175/1520-0469(1963)020<0130:DNF>2.0.CO;2},
   adsurl = {http://adsabs.harvard.edu/abs/1963JAtS...20..130L},
  adsnote = {Provided by the SAO/NASA Astrophysics Data System}
}
@article{Wilson,
title = "The renormalization group and the ϵ expansion ",
journal = "Physics Reports ",
volume = "12",
number = "2",
pages = "75 - 199",
year = "1974",
note = "",
issn = "0370-1573",
doi = "http://dx.doi.org/10.1016/0370-1573(74)90023-4",
url = "http://www.sciencedirect.com/science/article/pii/0370157374900234",
author = "Kenneth G. Wilson and J. Kogut"
}
@article{feigenbaum,
year={1979},
issn={0022-4715},
journal={Journal of Statistical Physics},
volume={21},
number={6},
doi={10.1007/BF01107909},
title={The universal metric properties of nonlinear transformations},
url={http://dx.doi.org/10.1007/BF01107909},
publisher={Kluwer Academic Publishers-Plenum Publishers},
keywords={Recurrence; bifurcation; attractor; universal; functional equations; scaling; conjugacy; spectrum of linearized operator},
author={Feigenbaum, MitchellJ.},
pages={669-706},
language={English}
}
@unpublished{wiki,
year={2007},
title={laser induced fluorescence},
author={C. Fukushima and J. Westerweel},
note={Technical University of Delft, The Netherlands},
language={English}
}
@book{kibble,
year = {2004},
	author = {Kibble, T. W. B},
	publisher = {Imperial College Press ; Distributed by World Scientific Pub.},
	title = {Classical mechanics},
	isbn = {1860944248},
	address = {London : River Edge, NJ}
}
@book{numerical,
        year = {1992},
	publisher = {Cambridge University Press},
	title = {Numerical recipes in C : the art of scientific computing},
	author = {Press, William H.},
	isbn = {0521431085},
	address = {Cambridge [England] ; New York}
}
@article{rossler,
title = "An equation for continuous chaos ",
journal = "Physics Letters A ",
volume = "57",
number = "5",
pages = "397 - 398",
year = "1976",
note = "",
issn = "0375-9601",
doi = "http://dx.doi.org/10.1016/0375-9601(76)90101-8",
url = "http://www.sciencedirect.com/science/article/pii/0375960176901018",
author = "O.E. Rössler"
}

